@article{10002015global,
  title={A global reference for human genetic variation},
  author={{1000 Genomes Project Consortium}},
  journal={Nature},
  volume={526},
  number={7571},
  pages={68},
  year={2015},
  publisher={Nature Publishing Group}
}

@article{adrion2020,
  title={A community-maintained standard library of population genetic models},
  author={Adrion, Jeffrey R and Cole, Christopher B and Dukler, Noah and Galloway, Jared G and Gladstein, Ariella L and Gower, Graham and Kyriazis, Christopher C and Ragsdale, Aaron P and Tsambos, Georgia and Baumdicker, Franz and others},
  journal={Elife},
  volume={9},
  pages={e54967},
  year={2020},
  publisher={eLife Sciences Publications, Ltd}
}

@article{anderson2023,
  title={On the genes, genealogies, and geographies of {Quebec}},
  author={Anderson-Trocm{\'e}, Luke and Nelson, Dominic and Zabad, Shadi and Diaz-Papkovich, Alex and Kryukov, Ivan and Baya, Nikolas and Touvier, Mathilde and Jeffery, Ben and Dina, Christian and V{\'e}zina, H{\'e}l{\`e}ne and others},
  journal={Science},
  volume={380},
  number={6647},
  pages={849--855},
  year={2023},
  publisher={American Association for the Advancement of Science}
}

@article{baumdicker2022efficient,
    author = {Baumdicker, Franz and Bisschop, Gertjan and Goldstein, Daniel 
        and Gower, Graham and Ragsdale, Aaron P and Tsambos, Georgia and Zhu, Sha 
        and Eldon, Bjarki and Ellerman, E Castedo and Galloway, Jared G 
        and Gladstein, Ariella L and Gorjanc, Gregor and Guo, Bing 
        and Jeffery, Ben and Kretzschumar, Warren W and Lohse, Konrad 
        and Matschiner, Michael and Nelson, Dominic and Pope, Nathaniel S 
        and Quinto-Cortés, Consuelo D and Rodrigues, Murillo F 
        and Saunack, Kumar and Sellinger, Thibaut and Thornton, Kevin 
        and van Kemenade, Hugo and Wohns, Anthony W and Wong, Yan 
        and Gravel, Simon and Kern, Andrew D and Koskela, Jere 
        and Ralph, Peter L and Kelleher, Jerome},
    title = {Efficient ancestry and mutation simulation with msprime 1.0},
    journal = {Genetics},
    volume = {220},
    number = {3},
    year = {2022},
    note = {{iyab229}},
}

@article{bycroft2018,
  title={The UK Biobank resource with deep phenotyping and genomic data},
  author={Bycroft, Clare and Freeman, Colin and Petkova, Desislava and Band, Gavin and Elliott, Lloyd T and Sharp, Kevin and Motyer, Allan and Vukcevic, Damjan and Delaneau, Olivier and O’Connell, Jared and others},
  journal={Nature},
  volume={562},
  number={7726},
  pages={203--209},
  year={2018},
  publisher={Nature Publishing Group}
}

@article{danecek2011,
  title={The variant call format and VCFtools},
  author={Danecek, Petr and Auton, Adam and Abecasis, Goncalo and Albers, Cornelis A and Banks, Eric and DePristo, Mark A and Handsaker, Robert E and Lunter, Gerton and Marth, Gabor T and Sherry, Stephen T and others},
  journal={Bioinformatics},
  volume={27},
  number={15},
  pages={2156--2158},
  year={2011},
  publisher={Oxford University Press}
}

@article{fernandes2020,
  title={{simplePHENOTYPES}: {SIMulation} of pleiotropic, linked and epistatic phenotypes},
  author={Fernandes, Samuel B and Lipka, Alexander E},
  journal={BMC bioinformatics},
  volume={21},
  number={1},
  pages={1--10},
  year={2020},
  publisher={BioMed Central}
}

@article{gaynor2021,
  title={{AlphaSimR}: an {R} package for breeding program simulations},
  author={Gaynor, R Chris and Gorjanc, Gregor and Hickey, John M},
  journal={G3},
  volume={11},
  number={2},
  pages={jkaa017},
  year={2021},
  publisher={Oxford University Press}
}

@article{gower2022,
  title={Demes: a standard format for demographic models},
  author={Gower, Graham and Ragsdale, Aaron P and Bisschop, Gertjan and Gutenkunst, Ryan N and Hartfield, Matthew and Noskova, Ekaterina and Schiffels, Stephan and Struck, Travis J and Kelleher, Jerome and Thornton, Kevin R},
  journal={Genetics},
  volume={222},
  number={3},
  pages={iyac131},
  year={2022},
  publisher={Oxford University Press}
}

@article{haller2019,
  title={Tree-sequence recording in {SLiM} opens new horizons for forward-time simulation of whole genomes},
  author={Haller, Benjamin C and Galloway, Jared and Kelleher, Jerome and Messer, Philipp W and Ralph, Peter L},
  journal={Molecular ecology resources},
  volume={19},
  number={2},
  pages={552--566},
  year={2019},
  publisher={Wiley Online Library}
}

@article{haller2023,
  title={{SLiM} 4: multispecies eco-evolutionary modeling},
  author={Haller, Benjamin C and Messer, Philipp W},
  journal={The American Naturalist},
  volume={201},
  number={5},
  pages={E127--E139},
  year={2023},
  publisher={The University of Chicago Press Chicago, IL}
}

@article{hill2008,
  title={Data and theory point to mainly additive genetic variance for complex traits},
  author={Hill, William G and Goddard, Michael E and Visscher, Peter M},
  journal={PLoS genetics},
  volume={4},
  number={2},
  pages={e1000008},
  year={2008},
  publisher={Public Library of Science San Francisco, USA}
}

@article{ishigaki2022,
  title={Multi-ancestry genome-wide association analyses identify novel genetic mechanisms in rheumatoid arthritis},
  author={Ishigaki, Kazuyoshi and Sakaue, Saori and Terao, Chikashi and Luo, Yang and Sonehara, Kyuto and Yamaguchi, Kensuke and Amariuta, Tiffany and Too, Chun Lai and Laufer, Vincent A and Scott, Ian C and others},
  journal={Nature Genetics},
  pages={1--12},
  year={2022},
  publisher={Nature Publishing Group US New York}
}

@article{link2023tree,
  title={Tree-based {QTL} mapping with expected local genetic relatedness matrices},
  author={Link, Vivian and Schraiber, Joshua G and Fan, Caoqi and Dinh, Bryan and Mancuso, Nicholas and Chiang, Charleston WK and Edge, Michael D},
  journal={bioRxiv},
  year={2023},
  publisher={Cold Spring Harbor Laboratory}
}

@article{kelleher2016,
  title={Efficient coalescent simulation and genealogical analysis for large sample sizes},
  author={Kelleher, Jerome and Etheridge, Alison M and McVean, Gilean},
  journal={PLoS computational biology},
  volume={12},
  number={5},
  pages={e1004842},
  year={2016},
  publisher={Public Library of Science San Francisco, CA USA}
}

@article{kelleher2019,
  title={Inferring whole-genome histories in large population datasets},
  author={Kelleher, Jerome and Wong, Yan and Wohns, Anthony W and Fadil, Chaimaa and Albers, Patrick K and McVean, Gil},
  journal={Nature genetics},
  volume={51},
  number={9},
  pages={1330--1338},
  year={2019},
  publisher={Nature Publishing Group US New York}
}

@article{leslie2015,
  title={The fine-scale genetic structure of the British population},
  author={Leslie, Stephen and Winney, Bruce and Hellenthal, Garrett and Davison, Dan and Boumertit, Abdelhamid and Day, Tammy and Hutnik, Katarzyna and Royrvik, Ellen C and Cunliffe, Barry and Wellcome Trust Case Control Consortium 2 and others},
  journal={Nature},
  volume={519},
  number={7543},
  pages={309--314},
  year={2015},
  publisher={Nature Publishing Group UK London}
}

@article{locke2015,
  title={Genetic studies of body mass index yield new insights for obesity biology},
  author={Locke, Adam E and Kahali, Bratati and Berndt, Sonja I and Justice, Anne E and Pers, Tune H and Day, Felix R and Powell, Corey and Vedantam, Sailaja and Buchkovich, Martin L and Yang, Jian and others},
  journal={Nature},
  volume={518},
  number={7538},
  pages={197--206},
  year={2015},
  publisher={Nature Publishing Group UK London}
}

@article{mahajan2022,
  title={Multi-ancestry genetic study of type 2 diabetes highlights the power of diverse populations for discovery and translation},
  author={Mahajan, Anubha and Spracklen, Cassandra N and Zhang, Weihua and Ng, Maggie CY and Petty, Lauren E and Kitajima, Hidetoshi and Yu, Grace Z and R{\"u}eger, Sina and Speidel, Leo and Kim, Young Jin and others},
  journal={Nature genetics},
  volume={54},
  number={5},
  pages={560--572},
  year={2022},
  publisher={Nature Publishing Group US New York}
}

@article{manolio2009,
  title={Finding the missing heritability of complex diseases},
  author={Manolio, Teri A and Collins, Francis S and Cox, Nancy J and Goldstein, David B and Hindorff, Lucia A and Hunter, David J and McCarthy, Mark I and Ramos, Erin M and Cardon, Lon R and Chakravarti, Aravinda and others},
  journal={Nature},
  volume={461},
  number={7265},
  pages={747--753},
  year={2009},
  publisher={Nature Publishing Group UK London}
}

@article{martin2017,
  title={Human demographic history impacts genetic risk prediction across diverse populations},
  author={Martin, Alicia R and Gignoux, Christopher R and Walters, Raymond K and Wojcik, Genevieve L and Neale, Benjamin M and Gravel, Simon and Daly, Mark J and Bustamante, Carlos D and Kenny, Eimear E},
  journal={The American Journal of Human Genetics},
  volume={100},
  number={4},
  pages={635--649},
  year={2017},
  publisher={Elsevier}
}

@article{mathieson2023,
  title={Genome-wide analysis identifies genetic effects on reproductive
      success and ongoing natural selection at the {FADS} locus},
  author={Mathieson, Iain and Day, Felix R and Barban, Nicola and Tropf, Felix
      C and Brazel, David M and {eQTLGen Consortium} and {BIOS Consortium}
      and Vaez, Ahmad and van Zuydam, Natalie and 
          Bitarello, B{\'a}rbara D and others},
  journal={Nature Human Behaviour},
  pages={1--12},
  year={2023},
  publisher={Nature Publishing Group UK London}
}

@article{meyer2018,
  title={{PhenotypeSimulator}: A comprehensive framework for simulating 
      multi-trait, multi-locus genotype to phenotype relationships},
  author={Meyer, Hannah Verena and Birney, Ewan},
  journal={Bioinformatics},
  volume={34},
  number={17},
  pages={2951--2956},
  year={2018},
  publisher={Oxford University Press}
}

@inproceedings{numba,
  title={Numba: A llvm-based python jit compiler},
  author={Lam, Siu Kwan and Pitrou, Antoine and Seibert, Stanley},
  booktitle={Proceedings of the Second Workshop on the LLVM Compiler Infrastructure in HPC},
  pages={1--6},
  year={2015}
}

@Article{         numpy,
 title         = {Array programming with {NumPy}},
 author        = {Charles R. Harris and K. Jarrod Millman and St{\'{e}}fan J.
                 van der Walt and Ralf Gommers and Pauli Virtanen and David
                 Cournapeau and Eric Wieser and Julian Taylor and Sebastian
                 Berg and Nathaniel J. Smith and Robert Kern and Matti Picus
                 and Stephan Hoyer and Marten H. van Kerkwijk and Matthew
                 Brett and Allan Haldane and Jaime Fern{\'{a}}ndez del
                 R{\'{i}}o and Mark Wiebe and Pearu Peterson and Pierre
                 G{\'{e}}rard-Marchant and Kevin Sheppard and Tyler Reddy and
                 Warren Weckesser and Hameer Abbasi and Christoph Gohlke and
                 Travis E. Oliphant},
 year          = {2020},
 month         = sep,
 journal       = {Nature},
 volume        = {585},
 number        = {7825},
 pages         = {357--362},
 publisher     = {Springer Science and Business Media {LLC}},
}

@article{olalde2018,
  title={The Beaker phenomenon and the genomic transformation of northwest Europe},
  author={Olalde, I{\~n}igo and Brace, Selina and Allentoft, Morten E and Armit, Ian and Kristiansen, Kristian and Booth, Thomas and Rohland, Nadin and Mallick, Swapan and Sz{\'e}cs{\'e}nyi-Nagy, Anna and Mittnik, Alissa and others},
  journal={Nature},
  volume={555},
  number={7695},
  pages={190--196},
  year={2018},
  publisher={Nature Publishing Group UK London}
}

@software{pandas,
    author       = {{The Pandas development team}},
    title        = {pandas-dev/pandas: Pandas},
    month        = feb,
    year         = 2020,
    publisher    = {Zenodo},
    version      = {latest},
}

@InProceedings{ mckinney2010data,
  author    = { Wes McKinney },
  title     = { {D}ata {S}tructures for {S}tatistical {C}omputing in {P}ython },
  booktitle = { {P}roceedings of the 9th {P}ython in {S}cience {C}onference },
  pages     = { 56--61 },
  year      = { 2010 },
}

@article{peterson2019,
  title={Genome-wide association studies in ancestrally diverse populations: opportunities, methods, pitfalls, and recommendations},
  author={Peterson, Roseann E and Kuchenbaecker, Karoline and Walters, Raymond K and Chen, Chia-Yen and Popejoy, Alice B and Periyasamy, Sathish and Lam, Max and Iyegbe, Conrad and Strawbridge, Rona J and Brick, Leslie and others},
  journal={Cell},
  volume={179},
  number={3},
  pages={589--603},
  year={2019},
  publisher={Elsevier}
}

@article{polderman2015,
  title={Meta-analysis of the heritability of human traits based on fifty years of twin studies},
  author={Polderman, Tinca JC and Benyamin, Beben and De Leeuw, Christiaan A and Sullivan, Patrick F and Van Bochoven, Arjen and Visscher, Peter M and Posthuma, Danielle},
  journal={Nature genetics},
  volume={47},
  number={7},
  pages={702--709},
  year={2015},
  publisher={Nature Publishing Group US New York}
}

@article{ralph2020,
  title={Efficiently summarizing relationships in large samples: a general duality between statistics of genealogies and genomes},
  author={Ralph, Peter and Thornton, Kevin and Kelleher, Jerome},
  journal={Genetics},
  volume={215},
  number={3},
  pages={779--797},
  year={2020},
  publisher={Oxford University Press}
}

@article{ruan2022,
  title={Improving polygenic prediction in ancestrally diverse populations},
  author={Ruan, Yunfeng and Lin, Yen-Feng and Feng, Yen-Chen Anne and Chen, Chia-Yen and Lam, Max and Guo, Zhenglin and He, Lin and Sawa, Akira and Martin, Alicia R and others},
  journal={Nature genetics},
  volume={54},
  number={5},
  pages={573--580},
  year={2022},
  publisher={Nature Publishing Group US New York}
}

@article{nowbandegani2023extremely,
    title={Extremely sparse models of linkage disequilibrium in ancestrally
        diverse association studies},
    author={Nowbandegani, Pouria Salehi  and Wohns, Anthony Wilder and
        Ballard, Jenna L and Lander, Eric S and Bloemendal, Alex and Neale,
        Benjamin M and O’Connor, Luke J},
    journal={Nature Genetics},
    year={2023},
    number={55},
    pages={1494--1502},
    publisher={Nature Publishing Group US New York}
}


@article{saunders2022,
  title={Genetic diversity fuels gene discovery for tobacco and alcohol use},
  author={Saunders, Gretchen RB and Wang, Xingyan and Chen, Fang and Jang, Seon-Kyeong and Liu, Mengzhen and Wang, Chen and Gao, Shuang and Jiang, Yu and Khunsriraksakul, Chachrit and Otto, Jacqueline M and others},
  journal={Nature},
  volume={612},
  number={7941},
  pages={720--724},
  year={2022},
  publisher={Nature Publishing Group UK London}
}

@article{schoech2019,
  title={Quantification of frequency-dependent genetic architectures in 25 {UK}
      {Biobank} traits reveals action of negative selection},
  author={Schoech, Armin P and Jordan, Daniel M and Loh, Po-Ru and Gazal, Steven and O’Connor, Luke J and Balick, Daniel J and Palamara, Pier F and Finucane, Hilary K and Sunyaev, Shamil R and Price, Alkes L},
  journal={Nature communications},
  volume={10},
  number={1},
  pages={790},
  year={2019},
  publisher={Nature Publishing Group UK London}
}

@article{simons2022,
  title={Simple scaling laws control the genetic architectures of human complex traits},
  author={Simons, Yuval Benjamin and Mostafavi, Hakhamanesh and Smith, Courtney Jean and Pritchard, Jonathan K and Sella, Guy},
  journal={bioRxiv},
  pages={2022--10},
  year={2022},
  publisher={Cold Spring Harbor Laboratory}
}

@article{speed2017,
  title={Reevaluation of {SNP} heritability in complex human traits},
  author={Speed, Doug and Cai, Na and Ucleb Consortium and Johnson, Michael R and Nejentsev, Sergey and Balding, David J},
  journal={Nature genetics},
  volume={49},
  number={7},
  pages={986--992},
  year={2017},
  publisher={Nature Publishing Group US New York}
}

@article{uffelmann2021,
  title={Genome-wide association studies},
  author={Uffelmann, Emil and Huang, Qin Qin and Munung, Nchangwi Syntia and De Vries, 
      Jantina and Okada, Yukinori and Martin, Alicia R and Martin, 
      Hilary C and Lappalainen, Tuuli and Posthuma, Danielle},
  journal={Nature Reviews Methods Primers},
  volume={1},
  number={1},
  pages={59},
  year={2021},
  publisher={Nature Publishing Group UK London}
}

@article{visscher2017,
  title={10 years of {GWAS} discovery: biology, function, and translation},
  author={Visscher, Peter M and Wray, Naomi R and Zhang, Qian and Sklar, Pamela and McCarthy, Mark I and Brown, Matthew A and Yang, Jian},
  journal={The American Journal of Human Genetics},
  volume={101},
  number={1},
  pages={5--22},
  year={2017},
  publisher={Elsevier}
}

@article{wainschtein2022,
  title={Assessing the contribution of rare variants to complex trait heritability from whole-genome sequence data},
  author={Wainschtein, Pierrick and Jain, Deepti and Zheng, Zhili and Cupples, L Adrienne and Shadyab, Aladdin H and McKnight, Barbara and Shoemaker, Benjamin M and Mitchell, Braxton D and others},
  journal={Nature Genetics},
  volume={54},
  number={3},
  pages={263--273},
  year={2022},
  publisher={Nature Publishing Group US New York}
}

@article{weissbrod2022,
  title={Leveraging fine-mapping and multipopulation training data to improve cross-population polygenic risk scores},
  author={Weissbrod, Omer and Kanai, Masahiro and Shi, Huwenbo and Gazal, Steven and Peyrot, Wouter J and Khera, Amit V and Okada, Yukinori and Martin, Alicia R and Finucane, Hilary K and others},
  journal={Nature Genetics},
  volume={54},
  number={4},
  pages={450--458},
  year={2022},
  publisher={Nature Publishing Group US New York}
}

@article{wohns2022,
  title={A unified genealogy of modern and ancient genomes},
  author={Wohns, Anthony Wilder and Wong, Yan and Jeffery, Ben and Akbari, Ali and Mallick, Swapan and Pinhasi, Ron and Patterson, Nick and Reich, David and Kelleher, Jerome and McVean, Gil},
  journal={Science},
  volume={375},
  number={6583},
  pages={eabi8264},
  year={2022},
  publisher={American Association for the Advancement of Science}
}

@article{yang2010,
  title={Common SNPs explain a large proportion of the heritability for human height},
  author={Yang, Jian and Benyamin, Beben and McEvoy, Brian P and Gordon, Scott and Henders, Anjali K and Nyholt, Dale R and Madden, Pamela A and Heath, Andrew C and Martin, Nicholas G and Montgomery, Grant W and others},
  journal={Nature genetics},
  volume={42},
  number={7},
  pages={565--569},
  year={2010},
  publisher={Nature Publishing Group US New York}
}

@article{yang2011,
  title={GCTA: a tool for genome-wide complex trait analysis},
  author={Yang, Jian and Lee, S Hong and Goddard, Michael E and Visscher, Peter M},
  journal={The American Journal of Human Genetics},
  volume={88},
  number={1},
  pages={76--82},
  year={2011},
  publisher={Elsevier}
}

@article{yang2015,
  title={Genetic variance estimation with imputed variants finds negligible missing heritability for human height and body mass index},
  author={Yang, Jian and Bakshi, Andrew and Zhu, Zhihong and Hemani, Gibran and Vinkhuyzen, Anna AE and Lee, Sang Hong and Robinson, Matthew R and Perry, John RB and Nolte, Ilja M and van Vliet-Ostaptchouk, Jana V and others},
  journal={Nature genetics},
  volume={47},
  number={10},
  pages={1114--1120},
  year={2015},
  publisher={Nature Publishing Group US New York}
}

@article{yengo2018,
  title={Meta-analysis of genome-wide association studies for height and body mass index in~ 700000 individuals of European ancestry},
  author={Yengo, Loic and Sidorenko, Julia and Kemper, Kathryn E and Zheng, Zhili and Wood, Andrew R and Weedon, Michael N and Frayling, Timothy M and Hirschhorn, Joel and Yang, Jian and Visscher, Peter M and others},
  journal={Human molecular genetics},
  volume={27},
  number={20},
  pages={3641--3649},
  year={2018},
  publisher={Oxford University Press}
}

@article{yengo2022,
  title={A saturated map of common genetic variants associated with human height},
  author={Yengo, Lo{\"\i}c and Vedantam, Sailaja and Marouli, Eirini and Sidorenko, Julia and Bartell, Eric and Sakaue, Saori and Graff, Marielisa and Eliasen, Anders U and Jiang, Yunxuan and Raghavan, Sridharan and others},
  journal={Nature},
  volume={610},
  number={7933},
  pages={704--712},
  year={2022},
  publisher={Nature Publishing Group UK London}
}

@article{zaidi2020,
  title={Demographic history mediates the effect of stratification on polygenic scores},
  author={Zaidi, Arslan A and Mathieson, Iain},
  journal={Elife},
  volume={9},
  pages={e61548},
  year={2020},
  publisher={eLife Sciences Publications, Ltd}
}

@article{zhang2023,
  title={Biobank-scale inference of ancestral recombination graphs enables genealogical analysis of complex traits},
  author={Zhang, Brian C and Biddanda, Arjun and Gunnarsson, {\'A}rni Freyr and Cooper, Fergus and Palamara, Pier Francesco},
  journal={Nature Genetics},
  pages={1--9},
  year={2023},
  publisher={Nature Publishing Group US New York}
}

@article{tanjo2021practical,
    title={Practical guide for managing large-scale human genome data in
        research},
    author={Tanjo, Tomoya and Kawai, Yosuke and Tokunaga, Katsushi and
        Ogasawara, Osamu and Nagasaki, Masao},
    journal={Journal of Human Genetics},
    volume={66},
    number={1},
    pages={39--52},
    year={2021},
    publisher={Nature Publishing Group}
}

@article{wong2023general,
  title={A general and efficient representation of ancestral recombination
      graphs},
  author = {Yan Wong and Anastasia Ignatieva and Jere Koskela and Gregor
      Gorjanc and Anthony Wilder Wohns and Jerome Kelleher},
  journal={bioRxiv},
  year={2023},
  publisher={Cold Spring Harbor Laboratory}
}

@article{lewanski2023era,
    title={The era of the {ARG}: an empiricist's guide to ancestral
        recombination graphs},
    author={Lewanski, Alexander L and Grundler, Michael C and Bradburd,
        Gideon S},
    journal={arXiv preprint arXiv:2310.12070},
    year={2023}
}


@article{kelleher2016efficient,
  title={Efficient coalescent simulation and genealogical analysis for large sample sizes},
  author={Kelleher, Jerome and Etheridge, Alison M and McVean, Gilean},
  journal={PLOS Computational Biology},
  volume={12},
  number={5},
  pages={e1004842},
  year={2016},
  publisher={Public Library of Science}
}

@article{kelleher2018efficient,
    author = {Kelleher, Jerome AND Thornton, Kevin R. AND Ashander, Jaime AND
        Ralph, Peter L.},
    journal = {PLOS Computational Biology},
    publisher = {Public Library of Science},
    title = {Efficient pedigree recording for fast population genetics simulation},
    year = {2018},
    month = {11},
    volume = {14},
    pages = {1-21},
    number = {11},
}

@article{haller2018tree,
    title={Tree-sequence recording in {SLiM} opens new horizons for
        forward-time simulation of whole genomes},
    author={Haller, Benjamin C and Galloway, Jared and Kelleher, Jerome and
        Messer, Philipp W and Ralph, Peter L},
    journal={Molecular Ecology Resources},
    year={2018},
    publisher={Wiley Online Library}
}

@article{ragsdale2020lessons,
    title={Lessons learned from bugs in models of human history},
    author={Ragsdale, Aaron P and Nelson, Dominic and Gravel, Simon and
        Kelleher, Jerome},
    journal={The American Journal of Human Genetics},
    volume={107},
    number={4},
    pages={583--588},
    year={2020},
    publisher={Elsevier}
}

@article{hudson1983properties,
    title = {Properties of a neutral allele model with intragenic recombination},
    author = {Richard R. Hudson},
    journal = {Theoretical Population Biology}, 
    year = {1983},
    volume = {23},
    pages = {183--201},
}

@incollection{griffiths1997ancestral,
    author = {Robert C Griffiths and Paul Marjoram},
    title = {An ancestral recombination graph},
    editor = {Donnelly, P. and Tavar\'e, S.},
    booktitle = {Progress in Population Genetics and Human Evolution, 
        IMA Volumes in Mathematics and its Applications},
    volume = {87},
    year = {1997},
    pages = {257--270},
}


@article{wharrie2023hapnest,
    title={{HAPNEST}: efficient, large-scale generation and evaluation of
        synthetic datasets for genotypes and phenotypes},
    author={Wharrie, Sophie and Yang, Zhiyu and Raj, Vishnu and Monti, Remo
        and Gupta, Rahul and Wang, Ying and Martin, Alicia and O’Connor,
        Luke J and Kaski, Samuel and Marttinen, Pekka and others},
    journal={bioinformatics},
    volume={39},
    number={9},
    pages={btad535},
    year={2023},
    publisher={Oxford University Press}
}

@article{su2011hapgen2,
    title={HAPGEN2: simulation of multiple disease SNPs},
    author={Su, Zhan and Marchini, Jonathan and Donnelly, Peter},
    journal={Bioinformatics},
    volume={27},
    number={16},
    pages={2304--2305},
    year={2011},
    publisher={Oxford University Press}
}

@article{spencer2009designing,
    title={Designing genome-wide association studies: sample size, power,
        imputation, and the choice of genotyping chip},
    author={Spencer, Chris CA and Su, Zhan and Donnelly, Peter and
        Marchini, Jonathan},
    journal={PLoS genetics},
    volume={5},
    number={5},
    pages={e1000477},
    year={2009},
    publisher={Public Library of Science San Francisco, USA}
}
